
%articulos -------------------------------------------------->
@article{suarez2013bases,
  title={Bases fisiol{\'o}gicas del reclutamiento de motoneuronas},
  author={Su{\'a}rez, Gustavo Ram{\'o}n},
  journal={VIREF Revista de Educaci{\'o}n F{\'\i}sica},
  volume={2},
  number={1},
  pages={85--102},
  year={2013}
}

@article{alvarez2006desarrollo,
  title={Desarrollo hist{\'o}rico y fundamentos te{\'o}ricos de la electromiograf{\'\i}a como medio diagn{\'o}stico},
  author={{\'A}lvarez Fiallo, Roger and Santos Anzorandia, Carlos and Medina Herrera, Esther},
  journal={Revista Cubana de Medicina Militar},
  volume={35},
  number={4},
  pages={0--0},
  year={2006},
  publisher={1999, Editorial Ciencias M{\'e}dicas}
}

@article{konrad2005abc,
  title={The abc of emg},
  author={Konrad, Peter},
  year={2005}
}

@article{luzar2005electromiografia,
  title={Electromiograf{\'\i}a cl{\'\i}nica},
  author={L{\'u}zar, JI Ibarra and Zorrilla, E P{\'e}rez and Garc{\'\i}a, C Fern{\'a}ndez},
  journal={Rehabilitaci{\'o}n},
  volume={39},
  number={6},
  pages={265--276},
  year={2005},
  publisher={Elsevier}
}


@article{fernandezpropuesta,
  title={PROPUESTA DE UN VALOR DE ACUMULACI{\'O}N DE FATIGA PARA EL ENTRENAMIENTO DE FUERZA BASADO EN LA VELOCIDAD DE EJECUCI{\'O}N},
  author={Fern{\'a}ndez, D V{\'\i}ctor Amador}
}


@article{moreno2017fatiga,
  title={La fatiga, tipos causas y efectos},
  author={Moreno Quinchanegua, Jorge Enrique and others},
  year={2017},
  publisher={Bogot{\'a}: Universidad de Ciencias Aplicadas y Ambientales, 2017}
}

@article{kim2018influencia,
  title={Influencia de la Rotura del Ligamento Cruzado Anterior en la Fuerza Muscular del Muslo y la Relaci{\'o}n Isquiotibiales-Cu{\'a}driceps: Un Meta-An{\'a}lisis-Ciencias del Ejercicio},
  author={Kim, Hyun-Jung and Lee, Jin-Hyuck and Ahn, Sung-Eun and Park, Min-Ji and Lee, Dae-Hee},
  journal={PubliCE},
  year={2018}
}


@phdthesis{ramos2018emg,
  title={EMG Signal Processing in Amateur and Professional Sports with Performance Evaluation and Injury Prevention},
  author={Ramos, Guilherme Alexandre dos Santos Espadanal},
  year={2018}
}


@article{romo2007analisis,
  title={An{\'a}lisis de se{\~n}ales EMG superficiales y su aplicaci{\'o}n en control de pr{\'o}tesis de mano},
  author={Romo, Harold A and Realpe, Judy C and Jojoa, Pablo E},
  journal={Revista avances en sistemas e inform{\'a}tica},
  volume={4},
  number={1},
  pages={127--136},
  year={2007},
  publisher={Universidad Nacional de Colombia}
}


@article{phinyomark2012feature,
  title={Feature reduction and selection for EMG signal classification},
  author={Phinyomark, Angkoon and Phukpattaranont, Pornchai and Limsakul, Chusak},
  journal={Expert systems with applications},
  volume={39},
  number={8},
  pages={7420--7431},
  year={2012},
  publisher={Elsevier}
}


@article{muyor2020actividad,
  title={Actividad Electromiogr{\'a}fica en el Gl{\'u}teo Medio, Gl{\'u}teo Mayor, B{\'\i}ceps Femoral, Vasto Externo, Vasto Interno y Recto Femoral Durante los Ejercicios de Sentadilla Monopodal, Estocada Frontal y Subida Lateral-Ciencias del Ejercicio},
  author={Muyor, Jose M and Mart{\i}n-Fuentes, Isabel and Rodr{\i}guez-Ridao, David and Antequera-Vique, Jose A},
  journal={PubliCE},
  year={2020}
}


%enlaces -------------------------> %

@misc{informacionPreciomdurance,
title= {Precio de electromiógrafo},
howpublished= "\url{https://www.herycor.com/articulos/000065-DIAGNOSTICO/0000003401-MDurance-Premium---EMG-Superficie-4-canales/}",
urldate = {11-08-2020}
}

@misc{jupyter,
title= {Enlace a jupyter},
howpublished= "\url{https://jupyter.org/}",
urldate = {15-08-2020}
}

@misc{pandas,
title= {Enlace a pandas},
howpublished= "\url{https://pandas.pydata.org/}",
urldate = {15-08-2020}
}

@misc{numpy,
title= {Enlace a numpy},
howpublished= "\url{https://numpy.org/}",
urldate = {15-08-2020}
}

@misc{scipy,
title= {Enlace a scipy},
howpublished= "\url{https://www.scipy.org/}",
urldate = {15-08-2020}
}


@misc{scipysignal,
title= {Enlace a scipy.signal},
howpublished= "\url{https://docs.scipy.org/doc/scipy/reference/signal.html}",
urldate = {15-08-2020}
}




@misc{matplotlib,
title= {Enlace a matplotlib},
howpublished= "\url{https://matplotlib.org/}",
urldate = {15-08-2020}
}

@misc{glob,
title= {Enlace a glob},
howpublished="\url{https://docs.python.org/3/library/glob.html}",
urldate = {15-08-2020}
}

@misc{python,
title= {Enlace a Python 3},
howpublished="\url{https://www.python.org/download/releases/3.0/}",
urldate = {15-08-2020}
}


@misc{biosignal,
title= {Enlace a biosignal},
howpublished="\url{https://github.com/biosignalsplux/biosignalsnotebooks}",
urldate = {15-08-2020}
}

@misc{rfecv,
title= {Enlace a RFECV de sklearn},
howpublished="\url{https://scikit-learn.org/stable/modules/generated/sklearn.feature_selection.RFECV.html}",
urldate = {16-08-2020}
}



@misc{scikit,
title= {Enlace a scikit-learn},
howpublished="\url{https://scikit-learn.org/stable/modules/classes.html}",
urldate = {16-08-2020}
}

@misc{scikitCV,
title= {Enlace a CV de scikit-learn},
howpublished="\url{https://scikit-learn.org/stable/modules/generated/sklearn.model_selection.cross_validate.htmll}",
urldate = {16-08-2020}
}


@misc{scikitSVM,
title= {Enlace a SVM de scikit-learn},
howpublished="\url{https://scikit-learn.org/stable/modules/generated/sklearn.svm.SVC.html}",
urldate = {16-08-2020}
}


@misc{scikitKNN,
title= {Enlace a KNN de scikit-learn},
howpublished="\url{https://scikit-learn.org/stable/modules/generated/sklearn.neighbors.KNeighborsClassifier.html
}",
urldate = {16-08-2020}
}

@misc{scikitTree,
title= {Enlace a Trees de scikit-learn},
howpublished="\url{https://scikit-learn.org/stable/modules/generated/sklearn.tree.DecisionTreeClassifier.html}",
urldate = {16-08-2020}
}





@misc{salariofisio,
title= {Salario de un fisioterapeuta},
howpublished="\url{https://es.indeed.com/salaries/fisioterapeuta-Salaries}",
urldate = {17-08-2020}
}

@misc{salarioinformatico,
title= {Salario de un ingeniero informático},
howpublished="\url{https://www.glassdoor.es/Sueldos/ingeniero-inform%C3%A1tico-sueldo-SRCH_KO0,21.htm}",
urldate = {17-08-2020}
}


@misc{mDurance,
title= {Web de mDurance},
howpublished="\url{https://www.mdurance.eu/}",
urldate = {1-09-2020}
}


%imagenes ----------------------------------> %

@misc{imagenLCA,
title= {Imagen de ligamento anterior cruzado},
howpublished= "\url{https://encrypted-tbn0.gstatic.com/images?q=tbn%3AANd9GcQ9E0yoAgcnwi0wulfmvmFZbJsONQVWeRpvbw&usqp=CAU}",
urldate = {13-08-2020}
}


@misc{imagenSNC,
title= {Imagen del sistema nervioso central},
howpublished= "\url{https://img.yumpu.com/2981354/1/500x640/anatoma-a-general-del-sistema-nervioso-central.jpg}",
urldate = {13-08-2020}
}


@misc{electrodoSuperficial,
title = {Imagen de electrodos superficiales},
howpublished = "\url{https://tienda.fisaude.com/images/fotos/mdurance-descripcion-5.jpg}",
urldate = {10-08-2020}
}

@misc{electrodoIntramuscular,
title = {Imagen de electrodos intramusculares},
howpublished = "\url{https://medlineplus.gov/spanish/ency/images/ency/fullsize/9741.jpg}",
urldate = {10-08-2020}
}



@misc{electrodosMdurance,
title= {Imagen electromiógrafo mDurance},
howpublished="\url{https://www.fisiomarket.com/24001-thickbox_default/electromiografo-de-superficie-de-dos-canales-mdurance-pro.jpg}",
urldate = {11-08-2020}
}

@misc{motoneurona1,
title= {Imagen de motoneurona },
howpublished="\url{https://elaticodejulie.files.wordpress.com/2016/07/mn_dendrites_junction_fiber.jpg}",
urldate = {24-08-2020}
}




@misc{unidadmotora,
title= {Imagen de unidad motora },
howpublished="\url{https://image-api.onlineeducation.center/v2/image/max-width/800/blog/c664ddbe01ccb4fe53209850bb8a3ca5ace253f2.jpg}",
urldate = {24-08-2020}
}






